@article{Aldarmaki2018Unsupervised,
 author = {Aldarmaki, Hanan
and Mohan, Mahesh
and Diab, Mona},
 journal = {Transactions of the Association for Computational Linguistics, Volume 6},
 pages = {185--196},
 title = {Unsupervised Word Mapping Using Structural Similarities in Monolingual Embeddings},
 url = {http://aclweb.org/anthology/Q18-1014},
 year = {2018}
}

@article{Angelidis2018Multiple,
 author = {Angelidis, Stefanos
and Lapata, Mirella},
 journal = {Transactions of the Association for Computational Linguistics, Volume 6},
 pages = {17--31},
 title = {Multiple Instance Learning Networks for Fine-Grained Sentiment Analysis},
 url = {http://aclweb.org/anthology/Q18-1002},
 year = {2018}
}

@article{Antoniak2018Evaluating,
 author = {Antoniak, Maria
and Mimno, David},
 journal = {Transactions of the Association for Computational Linguistics, Volume 6},
 pages = {107--119},
 title = {Evaluating the Stability of Embedding-based Word Similarities},
 url = {http://aclweb.org/anthology/Q18-1008},
 year = {2018}
}

@article{Collell2018Learning,
 author = {Collell, Guillem
and Moens, Marie-Francine},
 journal = {Transactions of the Association for Computational Linguistics, Volume 6},
 pages = {133--144},
 title = {Learning Representations Specialized in Spatial Knowledge: Leveraging Language and Vision},
 url = {http://aclweb.org/anthology/Q18-1010},
 year = {2018}
}

@article{Cotterell2018Joint,
 author = {Cotterell, Ryan
and Sch{\"u}tze, Hinrich},
 journal = {Transactions of the Association for Computational Linguistics, Volume 6},
 pages = {33--48},
 title = {Joint Semantic Synthesis and Morphological Analysis of the Derived Word},
 url = {http://aclweb.org/anthology/Q18-1003},
 year = {2018}
}

@article{Frermann2018Whodunnit?,
 author = {Frermann, Lea
and Cohen, Shay
and Lapata, Mirella},
 journal = {Transactions of the Association for Computational Linguistics, Volume 6},
 pages = {1--15},
 title = {Whodunnit? Crime Drama as a Case for Natural Language Understanding},
 url = {http://aclweb.org/anthology/Q18-1001},
 year = {2018}
}

@article{Janner2018Representation,
 author = {Janner, Michael
and Narasimhan, Karthik
and Barzilay, Regina},
 journal = {Transactions of the Association for Computational Linguistics, Volume 6},
 pages = {49--61},
 title = {Representation Learning for Grounded Spatial Reasoning},
 url = {http://aclweb.org/anthology/Q18-1004},
 year = {2018}
}

@article{Liu2018Learning,
 author = {Liu, Yang
and Lapata, Mirella},
 journal = {Transactions of the Association for Computational Linguistics, Volume 6},
 pages = {63--75},
 title = {Learning Structured Text Representations},
 url = {http://aclweb.org/anthology/Q18-1005},
 year = {2018}
}

@article{Long2018Video,
 author = {Long, Xiang
and Gan, Chuang
and de Melo, Gerard},
 journal = {Transactions of the Association for Computational Linguistics, Volume 6},
 pages = {173--184},
 title = {Video Captioning with Multi-Faceted Attention},
 url = {http://aclweb.org/anthology/Q18-1013},
 year = {2018}
}

@article{Reimers2018Event,
 author = {Reimers, Nils
and Dehghani, Nazanin
and Gurevych, Iryna},
 journal = {Transactions of the Association for Computational Linguistics, Volume 6},
 pages = {77--89},
 title = {Event Time Extraction with a Decision Tree of Neural Classifiers},
 url = {http://aclweb.org/anthology/Q18-1006},
 year = {2018}
}

@article{Roy2018Mapping,
 author = {Roy, Subhro
and Roth, Dan},
 journal = {Transactions of the Association for Computational Linguistics, Volume 6},
 pages = {159--172},
 title = {Mapping to Declarative Knowledge for Word Problem Solving},
 url = {http://aclweb.org/anthology/Q18-1012},
 year = {2018}
}

@article{Somasundaran2018Towards,
 author = {Somasundaran, Swapna
and Flor, Michael
and Chodorow, Martin
and Molloy, Hillary
and Gyawali, Binod
and McCulla, Laura},
 journal = {Transactions of the Association for Computational Linguistics, Volume 6},
 pages = {91--106},
 title = {Towards Evaluating Narrative Quality In Student Writing},
 url = {http://aclweb.org/anthology/Q18-1007},
 year = {2018}
}

@article{Zayats2018Conversation,
 author = {Zayats, Victoria
and Ostendorf, Mari},
 journal = {Transactions of the Association for Computational Linguistics, Volume 6},
 pages = {121--132},
 title = {Conversation Modeling on Reddit Using a Graph-Structured LSTM},
 url = {http://aclweb.org/anthology/Q18-1009},
 year = {2018}
}

@article{Zheng2018Modeling,
 author = {Zheng, Zaixiang
and Zhou, Hao
and Huang, Shujian
and Mou, Lili
and Dai, Xinyu
and Chen, Jiajun
and Tu, Zhaopeng},
 journal = {Transactions of the Association for Computational Linguistics, Volume 6},
 pages = {145--157},
 title = {Modeling Past and Future for Neural Machine Translation},
 url = {http://aclweb.org/anthology/Q18-1011},
 year = {2018}
}

